@ARTICLE{Smith_2021_PoP,
	author = {{Smith}, Joseph R. and {Orban}, Chris and {Rahman}, Nashad and {McHugh}, Brendan and {Oropeza}, Ricky and {Chowdhury}, Enam A.},
	title = "{A particle-in-cell code comparison for ion acceleration: EPOCH, LSP, and WarpX}",
	journal = {Physics of Plasmas},
	keywords = {Physics - Plasma Physics},
	year = 2021,
	month = jul,
	volume = {28},
	number = {7},
	eid = {074505},
	pages = {074505},
	doi = {10.1063/5.0053109},
	archivePrefix = {arXiv},
	eprint = {2103.17248},
	primaryClass = {physics.plasm-ph},
	adsurl = {https://ui.adsabs.harvard.edu/abs/2021PhPl...28g4505S},
	adsnote = {Provided by the SAO/NASA Astrophysics Data System}
}

@ARTICLE{LePape_2009_OL,
	author = {{Le Pape}, A.~J. and {Tsui}, Y.~Y. and {Macphee}, A. and {Hey}, D. and {Pravesh}, P. and {Makinnon}, A. and {Key}, M. and {Wei}, M. and {Ma}, T. and {Beg}, F. and {Stephens}, R. and {Akli}, K. U. and {Link}, A. J. and {Van Woerkom}, L. and {Freeman}, R. R.},
	title = "{Characterization of the preformed plasma for high-intensity laser-plasma interaction}",
	journal = {Opt. Lett.},
	keywords = {high-speed optical techniques, hot carriers, ignition, plasma collision processes, plasma density, plasma kinetic theory, plasma light propagation, plasma magnetohydrodynamics, plasma production by laser, plasma simulation, plasma transport processes, plasma waves, relativistic plasmas, Laser light absorption in plasmas, Plasma production and heating by laser beams, Transport properties, Electron collisions, Magnetohydrodynamics, Particle-in-cell method},
	year = 2009,
	month = may,
	volume = 34,
	number = 5,
	pages = {2997-2999},
	doi = {10.1063/1.3312825},
	adsurl = {http://adsabs.harvard.edu/abs/2010PhPl...17e6702K},
	adsnote = {Provided by the SAO/NASA Astrophysics Data System}
}