@Article{ bib1,
	author = "A. Angelopoulos and others",
	collaboration = "CPLEAR",
	title = "First direct observation of time-reversal violation",
	journal = "AIP Conf. Proc.",
	volume = "549",
	year = "2002",
	pages = "957--960",
	SLACcitation = "\%\%CITATION = APCPC,549,957;\%\%",
	url = "http://www.slac.stanford.edu/spires/find/hep/wwwbriefbibtex?rawcmd=FIND+KEY+5425999&FORMAT=www&SEQUENCE="
}

@Article{ bib2,
	author = "A. Angelopoulos and others",
	collaboration = "CPLEAR",
	title = "First direct observation of time-reversal violation",
	journal = "AIP Conf. Proc.",
	volume = "549",
	year = "2002",
	pages = "957--960",
	SLACcitation = "\%\%CITATION = APCPC,549,957;\%\%",
	url = "http://www.slac.stanford.edu/spires/find/hep/wwwbriefbibtex?rawcmd=FIND+KEY+5425999&FORMAT=www&SEQUENCE="
}

@Article{ bib3,
	author = "A. Angelopoulos and others",
	collaboration = "CPLEAR",
	title = "First direct observation of time-reversal violation",
	journal = "AIP Conf. Proc.",
	volume = "549",
	year = "2002",
	pages = "957--960",
	SLACcitation = "\%\%CITATION = APCPC,549,957;\%\%",
	url = "http://www.slac.stanford.edu/spires/find/hep/wwwbriefbibtex?rawcmd=FIND+KEY+5425999&FORMAT=www&SEQUENCE="
}

@Misc{ English,
	title = "English Paper",
	author = "Strong Bad",
	howpublished = "\url{http://www.homestarrunner.com/sbemail64.html}"
}























